@misc{complex,
    author={Clausen, Dustin and Scholze, Peter},
    title={Condensed Mathematics and Complex Geometry},
    year={2022}
}
@misc{condensed,
    author={Scholze, Peter},
    title={Lectures on Condensed Mathematics},
    year={2019}
}
@misc{analytic,
    author={Scholze, Peter},
    title={Lectures on Analytic Geometry},
    year={2020}
}
@misc{videos,
    author={Clausen, Dustin and Scholze, Peter},
    title={Analytic Stacks},
    url={https://www.youtube.com/playlist?list=PLx5f8IelFRgGmu6gmL-Kf_Rl_6Mm7juZO},
    year={2023}
}
